<?xml version="1.0" encoding="UTF-8"?><record xmlns="http://www.loc.gov/MARC21/slim" xmlns:cinclude="http://apache.org/cocoon/include/1.0" xmlns:zs="http://www.loc.gov/zing/srw/">
  <leader>00751cz  a2200181n  4500</leader>
  <controlfield tag="001">no 99001035 </controlfield>
  <controlfield tag="003">DLC</controlfield>
  <controlfield tag="005">20120801083500.0</controlfield>
  <controlfield tag="008">990107n| acannaabn          |a ana      </controlfield>
  <datafield tag="010" ind1=" " ind2=" ">
    <subfield code="a">no 99001035 </subfield>
    <subfield code="z">n 2009219117</subfield>
    <subfield code="z">no2009065175</subfield>
  </datafield>
  <datafield tag="035" ind1=" " ind2=" ">
    <subfield code="a">(OCoLC)oca04891951</subfield>
  </datafield>
  <datafield tag="040" ind1=" " ind2=" ">
    <subfield code="a">DLC-ON</subfield>
    <subfield code="b">eng</subfield>
    <subfield code="c">DLC-ON</subfield>
    <subfield code="d">DLC</subfield>
  </datafield>
  <datafield tag="111" ind1="2" ind2=" ">
    <subfield code="a">FAI Seminar</subfield>
  </datafield>
  <datafield tag="410" ind1="2" ind2=" ">
    <subfield code="a">Fertiliser Association of India.</subfield>
    <subfield code="b">Seminar</subfield>
  </datafield>
  <datafield tag="411" ind1="2" ind2=" ">
    <subfield code="a">Seminar, FAI</subfield>
  </datafield>
  <datafield tag="667" ind1=" " ind2=" ">
    <subfield code="a">THIS 1XX FIELD CANNOT BE USED UNDER RDA UNTIL THIS RECORD HAS BEEN REVIEWED AND/OR UPDATED</subfield>
  </datafield>
  <datafield tag="670" ind1=" " ind2=" ">
    <subfield code="a">Investment and growth in agriculture and fertiliser, 1997:</subfield>
    <subfield code="b">t.p.  (FAI Seminar 1997; held at New Delhi during Dec. 11-13, 1997) p. 1 (Annual FAI Seminar)</subfield>
  </datafield>
  <datafield tag="670" ind1=" " ind2=" ">
    <subfield code="a">FAI Seminar, 2007, 2007:</subfield>
    <subfield code="b">prelim. p. iv (FAI Annual Seminar)</subfield>
  </datafield>
</record>